
@phdthesis{Blum2003,
  title = {{Ant Colony Optimization (ACO)}},
  author = {Blum, Daniel},
  year = {2003},
  month = jun,
  address = {{PG Meta-Heuristiken}},
  url = {https://ls11-www.cs.tu-dortmund.de/lehre/SoSe03/PG431/Ausarbeitungen/ACO.pdf},
  urldate = {2021-06-09},
  language = {de},
  school = {Universitaet Dortmund}
}

@misc{Breizhtormnodate,
  title = {{ThinkR - Certifications et Formations au langage R}},
  author = {Breizhtorm, Agence},
  year = {no date},
  url = {https://thinkr.fr/},
  urldate = {2021-06-10},
  abstract = {ThinkR et ses experts reconnus accompagnent les entreprises dans la formation des \'equipes, l'installation, la configuration et la migration de vos projets R.},
  journal = {Agence Breizhtorm-},
  language = {fr-FR}
}

@article{Elbeltagi2005,
  title = {Comparison among Five Evolutionary-Based Optimization Algorithms},
  author = {Elbeltagi, Emad and Hegazy, Tarek and Grierson, Donald},
  year = {2005},
  volume = {19},
  pages = {43--53},
  issn = {1474-0346},
  doi = {10.1016/j.aei.2005.01.004},
  url = {https://www.sciencedirect.com/science/article/pii/S1474034605000091},
  abstract = {Evolutionary algorithms (EAs) are stochastic search methods that mimic the natural biological evolution and/or the social behavior of species. Such algorithms have been developed to arrive at near-optimum solutions to large-scale optimization problems, for which traditional mathematical techniques may fail. This paper compares the formulation and results of five recent evolutionary-based algorithms: genetic algorithms, memetic algorithms, particle swarm, ant-colony systems, and shuffled frog leaping. A brief description of each algorithm is presented along with a pseudocode to facilitate the implementation and use of such algorithms by researchers and practitioners. Benchmark comparisons among the algorithms are presented for both continuous and discrete optimization problems, in terms of processing time, convergence speed, and quality of the results. Based on this comparative analysis, the performance of EAs is discussed along with some guidelines for determining the best operators for each algorithm. The study presents sophisticated ideas in a simplified form that should be beneficial to both practitioners and researchers involved in solving optimization problems.},
  journal = {Adv. Eng. Inform.},
  keywords = {Ant colony,Evolutionary algorithms,Genetic algorithms,Memetic algorithms,Optimization,Particle swarm,Shuffled frog leaping},
  number = {1}
}

@book{FIDANOVA.2021,
  title = {{{ANT COLONY OPTIMIZATION AND APPLICATIONS}}},
  author = {FIDANOVA, STEFKA},
  year = {2021},
  publisher = {{SPRINGER}},
  address = {{[S.l.]}},
  abstract = {This book is interesting and full of new ideas. It provokes the curiosity of the readers. The book targets both researchers and practitioners. The students and the researchers will acquire knowledge about ant colony optimization and its possible applications as well as practitioners will find new ideas and solutions of their combinatorial optimization and decision-making problems. Ant colony optimization is between the best method for solving difficult optimization problems arising in real life and industry. It has obtained distinguished results on some applications with very restrictive constraints. The reader will find theoretical aspects of ant method as well as applications on a variety of problems. The following applications could be mentioned: multiple knapsack problem, which is an important economical problem; grid scheduling problem; GPS surveying problem; E. coli cultivation modeling; wireless sensor network positioning; image edges detection; workforce planning.},
  isbn = {978-3-030-67379-6}
}

@misc{Garcia2018,
  title = {Evolutionary {{Parameter Estimation}} for '{{Repast Simphony}}' {{Models}}},
  author = {Garcia, Antonio Prestes and {Rodriguez-Paton}, Alfonso},
  year = {2018},
  month = aug,
  url = {https://CRAN.R-project.org/package=evoper},
  urldate = {2021-06-10},
  abstract = {The EvoPER, Evolutionary Parameter Estimation for Individual-based Models is an extensible package providing optimization driven parameter estimation methods using metaheuristics and evolutionary computation techniques (Particle Swarm Optimization, Simulated Annealing, Ant Colony Optimization for continuous domains, Tabu Search, Evolutionary Strategies, ...) which could be more efficient and require, in some cases, fewer model evaluations than alternatives relying on experimental design. Currently there are built in support for models developed with 'Repast Simphony' Agent-Based framework (\&lt;{$<$}a href="https://repast.github.io/"{$>$}https://repast.github.io/{$<$}/a{$>\&$}gt;) and with NetLogo (\&lt;{$<$}a href="https://ccl.northwestern.edu/netlogo/"{$>$}https://ccl.northwestern.edu/netlogo/{$<$}/a{$>\&$}gt;) which are the most used frameworks for Agent-based modeling.},
  howpublished = {Comprehensive R Archive Network (CRAN)}
}

@misc{Garrigues2019,
  title = {{{RPubs}} - {{Ant Colony Optimization}}},
  author = {Garrigues, Pablo Portillo},
  year = {2019},
  month = may,
  url = {https://rpubs.com/gingersling/ACO#:~:text=The%20algorithm%20is%20a%20method,the%20behavior%20of%20the%20ants.&text=From%20generation%20to%20generation%20the,weight%20based%20on%20different%20function.},
  urldate = {2021-06-09},
  journal = {Ant Colony Optimization Algorithm}
}

@phdthesis{Graf.2003,
  title = {Auswahl Und Implementierung Eines Ameisenalgorithmus Zur Steuerung von Patienten Im Planspiel {{INVENT}}},
  author = {Graf, Sabine},
  year = {2003},
  address = {{Wien}},
  url = {http://sgraf.athabascau.ca/publications/Diplomarbeit_Sabine_Graf.pdf},
  school = {Universit\"at Wien},
  type = {Diplomarbeit}
}

@misc{Hansson2016,
  title = {The {{Rails Doctrine}}},
  author = {Hansson, David Heinemeier},
  year = {2016},
  month = jan,
  url = {https://rubyonrails.org/doctrine/},
  urldate = {2021-06-10},
  abstract = {A web-application framework that includes everything needed to create database-backed web applications according to the Model-View-Controller (MVC) pattern.},
  journal = {The Rails Doctrine},
  language = {en}
}

@misc{LogistikInfonodate,
  title = {{Ameisenalgorithmus}},
  author = {LogistikInfo},
  year = {no date},
  url = {http://www.logistik-info.net/aktuelle-themen/ameisenalgorithmus/},
  urldate = {2021-06-09},
  abstract = {Der Ameisenalgorithmus geh\"ort zu den Verfahren der kombinatorischen Optimierung. Dabei geh\"ort er zu den fortgeschrittenen Verfahren und ist deutlich komplexer und genauer als \"ubliche Verfahren der linearen Optimierung. Vorrangig wird er f\"ur die Optimierung der Wege eingesetzt.},
  journal = {Ameisenalgorithmus},
  language = {de-DE}
}

@book{Nahrstedt.2018,
  title = {Algorithmen F\"ur Ingenieure: {{Technische}} Realisierung Mit Excel Und {{VBA}}},
  author = {Nahrstedt, Harald},
  year = {2018},
  edition = {3., erweiterte und aktualisierte Auflage},
  publisher = {{Springer Vieweg}},
  address = {{Wiesbaden}},
  doi = {10.1007/978-3-658-19299-0},
  isbn = {978-3-658-19299-0}
}

@book{OKWU.2021,
  title = {{{METAHEURISTIC OPTIMIZATION}}: {{Nature}}-Inspired Algorithms and Swarm Intelligence, Theory and... Applications},
  author = {OKWU, MODESTUS O.. TARTIBU LAGOUGE K.},
  year = {2021},
  publisher = {{SPRINGER NATURE}},
  address = {{[S.l.]}},
  isbn = {978-3-030-61110-1}
}

@misc{Pyl2008,
  title = {Ameisenalgorithmus Zur {{L\"osung}} Komplexer {{Optimierungsprobleme}} - {{ActiveVB}}},
  author = {Pyl, Paul Theodor and Rudolph, Konrad L. M.},
  year = {2008},
  month = mar,
  url = {https://activevb.de/tutorials/tut_antalgo/tut_antalgo.html},
  urldate = {2021-06-09}
}

@misc{Riza2019,
  title = {Metaheuristic for {{Optimization}}},
  author = {Riza, Lala Septem and Nugroho, Eddy Prasetyo and Prabowo, Muhammad Bima Adi and Junaeti, Enjun and Abdullah, Ade Gafar},
  year = {2019},
  month = jun,
  address = {{CRAN}},
  url = {https://CRAN.R-project.org/package=metaheuristicOpt},
  urldate = {2021-06-10},
  abstract = {An implementation of metaheuristic algorithms for continuous optimization. Currently, the package contains the implementations of 21 algorithms, as follows: particle swarm optimization (Kennedy and Eberhart, 1995), ant lion optimizer (Mirjalili, 2015 \&lt;{$<$}a href="https://doi.org/10.1016\%2Fj.advengsoft.2015.01.010"{$>$}doi:10.1016/j.advengsoft.2015.01.010{$<$}/a{$>\&$}gt;), grey wolf optimizer (Mirjalili et al., 2014 \&lt;{$<$}a href="https://doi.org/10.1016\%2Fj.advengsoft.2013.12.007"{$>$}doi:10.1016/j.advengsoft.2013.12.007{$<$}/a{$>\&$}gt;), dragonfly algorithm (Mirjalili, 2015 \&lt;{$<$}a href="https://doi.org/10.1007\%2Fs00521-015-1920-1"{$>$}doi:10.1007/s00521-015-1920-1{$<$}/a{$>\&$}gt;), firefly algorithm (Yang, 2009 \&lt;{$<$}a href="https://doi.org/10.1007\%2F978-3-642-04944-6\_14"{$>$}doi:10.1007/978-3-642-04944-6\_14{$<$}/a{$>\&$}gt;), genetic algorithm (Holland, 1992, ISBN:978-0262581110), grasshopper optimisation algorithm (Saremi et al., 2017 \&lt;{$<$}a href="https://doi.org/10.1016\%2Fj.advengsoft.2017.01.004"{$>$}doi:10.1016/j.advengsoft.2017.01.004{$<$}/a{$>\&$}gt;), harmony search algorithm (Mahdavi et al., 2007 \&lt;{$<$}a href="https://doi.org/10.1016\%2Fj.amc.2006.11.033"{$>$}doi:10.1016/j.amc.2006.11.033{$<$}/a{$>\&$}gt;), moth flame optimizer (Mirjalili, 2015 \&lt;{$<$}a href="https://doi.org/10.1016\%2Fj.knosys.2015.07.006"{$>$}doi:10.1016/j.knosys.2015.07.006{$<$}/a{$>\&$}gt;, sine cosine algorithm (Mirjalili, 2016 \&lt;{$<$}a href="https://doi.org/10.1016\%2Fj.knosys.2015.12.022"{$>$}doi:10.1016/j.knosys.2015.12.022{$<$}/a{$>\&$}gt;), whale optimization algorithm (Mirjalili and Lewis, 2016 \&lt;{$<$}a href="https://doi.org/10.1016\%2Fj.advengsoft.2016.01.008"{$>$}doi:10.1016/j.advengsoft.2016.01.008{$<$}/a{$>\&$}gt;), clonal selection algorithm (Castro, 2002 \&lt;{$<$}a href="https://doi.org/10.1109\%2FTEVC.2002.1011539"{$>$}doi:10.1109/TEVC.2002.1011539{$<$}/a{$>\&$}gt;), differential evolution (Das \&amp; Suganthan, 2011), shuffled frog leaping (Eusuff, Landsey \&amp; Pasha, 2006), cat swarm optimization (Chu et al., 2006), artificial bee colony algorithm (Karaboga \&amp; Akay, 2009), krill-herd algorithm (Gandomi \&amp; Alavi, 2012), cuckoo search (Yang \&amp; Deb, 2009), bat algorithm (Yang, 2012), gravitational based search (Rashedi et al., 2009) and black hole optimization (Hatamlou, 2013).},
  howpublished = {Comprehensive R Archive Network (CRAN)}
}

@misc{Rochette2021,
  title = {Deal with {{Dependencies}} [{{R}} Package Attachment Version 0.2.1]},
  author = {Rochette, Sebastian and Guyader, Vincent},
  year = {2021},
  month = jan,
  url = {https://CRAN.R-project.org/package=attachment},
  urldate = {2021-06-10},
  abstract = {Tools to help manage dependencies during package development. This can retrieve all dependencies that are used in R files in the "R" directory, in Rmd files in "vignettes" directory and in 'roxygen2' documentation of functions. There is a function to update the Description file of your package and a function to create a file with the R commands to install all dependencies of your package. All functions to retrieve dependencies of R scripts and Rmd files can be used independently of a package development.},
  howpublished = {ThinkR}
}

@misc{ThinkR2019,
  title = {Release Golem (v0.1) {{A Framework}} for {{Building Robust Shiny Apps}} {$\cdot$} {{ThinkR}}-Open/Golem},
  author = {ThinkR},
  year = {2019},
  month = may,
  url = {/ThinkR-open/golem/releases/tag/v0.1},
  urldate = {2021-06-10},
  abstract = {Now on CRAN.},
  journal = {GitHub},
  language = {en}
}

@misc{ThinkR2021,
  title = {{{ThinkR}}-Open/Golem},
  author = {ThinkR},
  year = {2021},
  month = jun,
  url = {https://github.com/ThinkR-open/golem},
  urldate = {2021-06-09},
  abstract = {A Framework for Building Robust Shiny Apps},
  howpublished = {ThinkR}
}

@misc{ThinkRnodate,
  title = {Golemverse},
  author = {ThinkR},
  year = {no date},
  url = {https://golemverse.org},
  urldate = {2021-06-10},
  abstract = {Courses and consultancy with R-software},
  journal = {Golemverse},
  language = {en-us}
}


